@inproceedings{daiet,
 author = {Sapio, Amedeo and Abdelaziz, Ibrahim and Aldilaijan, Abdulla and Canini, Marco and Kalnis, Panos},
 title = {In-Network Computation is a Dumb Idea Whose Time Has Come},
 booktitle = {Proceedings of the 16th ACM Workshop on Hot Topics in Networks},
 series = {HotNets-XVI},
 year = {2017},
 isbn = {978-1-4503-5569-8},
 location = {Palo Alto, CA, USA},
 pages = {150--156},
 numpages = {7},
 url = {http://doi.acm.org/10.1145/3152434.3152461},
 doi = {10.1145/3152434.3152461},
 acmid = {3152461},
 publisher = {ACM},
 address = {New York, NY, USA},
} 

@inproceedings{netchain,
	author = {Xin Jin and Xiaozhou Li and Haoyu Zhang and Nate Foster and Jeongkeun Lee and Robert Soul{\'e} and Changhoon Kim and Ion Stoica},
	title = {NetChain: Scale-Free Sub-RTT Coordination},
	booktitle = {15th {USENIX} Symposium on Networked Systems Design and Implementation ({NSDI} 18)},
	year = {2018},
	isbn = {978-1-931971-43-0},
	address = {Renton, WA},
	pages = {35--49},
	url = {https://www.usenix.org/conference/nsdi18/presentation/jin},
	publisher = {{USENIX} Association},
}

@inproceedings{incbricks,
 author = {Liu, Ming and Luo, Liang and Nelson, Jacob and Ceze, Luis and Krishnamurthy, Arvind and Atreya, Kishore},
 title = {IncBricks: Toward In-Network Computation with an In-Network Cache},
 booktitle = {Proceedings of the Twenty-Second International Conference on Architectural Support for Programming Languages and Operating Systems},
 series = {ASPLOS '17},
 year = {2017},
 isbn = {978-1-4503-4465-4},
 location = {Xi'an, China},
 pages = {795--809},
 numpages = {15},
 url = {http://doi.acm.org/10.1145/3037697.3037731},
 doi = {10.1145/3037697.3037731},
 acmid = {3037731},
 publisher = {ACM},
 address = {New York, NY, USA},
 keywords = {in-network caching, programmable network devices},
}

@inproceedings{cloudmirror,
 author = {Lee, Jeongkeun and Turner, Yoshio and Lee, Myungjin and Popa, Lucian and Banerjee, Sujata and Kang, Joon-Myung and Sharma, Puneet},
 title = {Application-driven Bandwidth Guarantees in Datacenters},
 booktitle = {Proceedings of the 2014 ACM Conference on SIGCOMM},
 series = {SIGCOMM '14},
 year = {2014},
 isbn = {978-1-4503-2836-4},
 location = {Chicago, Illinois, USA},
 pages = {467--478},
 numpages = {12},
 url = {http://doi.acm.org/10.1145/2619239.2626326},
 doi = {10.1145/2619239.2626326},
 acmid = {2626326},
 publisher = {ACM},
 address = {New York, NY, USA},
 keywords = {application, availability, bandwidth, cloud, datacenter, virtual network},
}

@article{boolesim,
  title={BooleSim: an interactive Boolean network simulator},
  author={Matthias Bock and Till Scharp and Chaitanya Talnikar and Edda Klipp},
  journal={Bioinformatics},
  year={2014},
  volume={30 1},
  pages={131-2}
}

@inproceedings{omega,
title	= {Omega: flexible, scalable schedulers for large compute clusters},
author	= {Malte Schwarzkopf and Andy Konwinski and Michael Abd-El-Malek and John Wilkes},
year	= {2013},
URL	= {http://eurosys2013.tudos.org/wp-content/uploads/2013/paper/Schwarzkopf.pdf},
booktitle	= {SIGOPS European Conference on Computer Systems (EuroSys)},
pages	= {351--364},
address	= {Prague, Czech Republic}
}

@inproceedings{mapreduce,
title	= {MapReduce: Simplified Data Processing on Large Clusters},
author	= {Jeffrey Dean and Sanjay Ghemawat},
year	= {2004},
booktitle	= {OSDI'04: Sixth Symposium on Operating System Design and Implementation},
pages	= {137--150},
address	= {San Francisco, CA}
}

@inproceedings{yarn,
 author = {Vavilapalli, Vinod Kumar and Murthy, Arun C. and Douglas, Chris and Agarwal, Sharad and Konar, Mahadev and Evans, Robert and Graves, Thomas and Lowe, Jason and Shah, Hitesh and Seth, Siddharth and Saha, Bikas and Curino, Carlo and O'Malley, Owen and Radia, Sanjay and Reed, Benjamin and Baldeschwieler, Eric},
 title = {Apache Hadoop YARN: Yet Another Resource Negotiator},
 booktitle = {Proceedings of the 4th Annual Symposium on Cloud Computing},
 series = {SOCC '13},
 year = {2013},
 isbn = {978-1-4503-2428-1},
 location = {Santa Clara, California},
 pages = {5:1--5:16},
 articleno = {5},
 numpages = {16},
 url = {http://doi.acm.org/10.1145/2523616.2523633},
 doi = {10.1145/2523616.2523633},
 acmid = {2523633},
 publisher = {ACM},
 address = {New York, NY, USA},
} 

@inproceedings{bazaar,
 author = {Jalaparti, Virajith and Ballani, Hitesh and Costa, Paolo and Karagiannis, Thomas and Rowstron, Ant},
 title = {Bridging the Tenant-provider Gap in Cloud Services},
 booktitle = {Proceedings of the Third ACM Symposium on Cloud Computing},
 series = {SoCC '12},
 year = {2012},
 isbn = {978-1-4503-1761-0},
 location = {San Jose, California},
 pages = {10:1--10:14},
 articleno = {10},
 numpages = {14},
 url = {http://doi.acm.org/10.1145/2391229.2391239},
 doi = {10.1145/2391229.2391239},
 acmid = {2391239},
 publisher = {ACM},
 address = {New York, NY, USA},
 keywords = {cloud, cloud pricing, job-centric, provider interface, resource malleability, resource selection},
} 

@inproceedings{oktopus,
 author = {Ballani, Hitesh and Costa, Paolo and Karagiannis, Thomas and Rowstron, Ant},
 title = {Towards Predictable Datacenter Networks},
 booktitle = {Proceedings of the ACM SIGCOMM 2011 Conference},
 series = {SIGCOMM '11},
 year = {2011},
 isbn = {978-1-4503-0797-0},
 location = {Toronto, Ontario, Canada},
 pages = {242--253},
 numpages = {12},
 url = {http://doi.acm.org/10.1145/2018436.2018465},
 doi = {10.1145/2018436.2018465},
 acmid = {2018465},
 publisher = {ACM},
 address = {New York, NY, USA},
 keywords = {allocation, bandwidth, datacenter, virtual network},
} 
