@inproceedings{daiet,
 author = {Sapio, Amedeo and Abdelaziz, Ibrahim and Aldilaijan, Abdulla and Canini, Marco and Kalnis, Panos},
 title = {In-Network Computation is a Dumb Idea Whose Time Has Come},
 booktitle = {Proceedings of the 16th ACM Workshop on Hot Topics in Networks},
 series = {HotNets-XVI},
 year = {2017},
 isbn = {978-1-4503-5569-8},
 location = {Palo Alto, CA, USA},
 pages = {150--156},
 numpages = {7},
 url = {http://doi.acm.org/10.1145/3152434.3152461},
 doi = {10.1145/3152434.3152461},
 acmid = {3152461},
 publisher = {ACM},
 address = {New York, NY, USA},
} 

@inproceedings{netchain,
	author = {Xin Jin and Xiaozhou Li and Haoyu Zhang and Nate Foster and Jeongkeun Lee and Robert Soul{\'e} and Changhoon Kim and Ion Stoica},
	title = {NetChain: Scale-Free Sub-RTT Coordination},
	booktitle = {15th {USENIX} Symposium on Networked Systems Design and Implementation ({NSDI} 18)},
	year = {2018},
	isbn = {978-1-931971-43-0},
	address = {Renton, WA},
	pages = {35--49},
	url = {https://www.usenix.org/conference/nsdi18/presentation/jin},
	publisher = {{USENIX} Association},
}

@inproceedings{incbricks,
 author = {Liu, Ming and Luo, Liang and Nelson, Jacob and Ceze, Luis and Krishnamurthy, Arvind and Atreya, Kishore},
 title = {IncBricks: Toward In-Network Computation with an In-Network Cache},
 booktitle = {Proceedings of the Twenty-Second International Conference on Architectural Support for Programming Languages and Operating Systems},
 series = {ASPLOS '17},
 year = {2017},
 isbn = {978-1-4503-4465-4},
 location = {Xi'an, China},
 pages = {795--809},
 numpages = {15},
 url = {http://doi.acm.org/10.1145/3037697.3037731},
 doi = {10.1145/3037697.3037731},
 acmid = {3037731},
 publisher = {ACM},
 address = {New York, NY, USA},
 keywords = {in-network caching, programmable network devices},
}

@inproceedings{cloudmirror,
 author = {Lee, Jeongkeun and Turner, Yoshio and Lee, Myungjin and Popa, Lucian and Banerjee, Sujata and Kang, Joon-Myung and Sharma, Puneet},
 title = {Application-driven Bandwidth Guarantees in Datacenters},
 booktitle = {Proceedings of the 2014 ACM Conference on SIGCOMM},
 series = {SIGCOMM '14},
 year = {2014},
 isbn = {978-1-4503-2836-4},
 location = {Chicago, Illinois, USA},
 pages = {467--478},
 numpages = {12},
 url = {http://doi.acm.org/10.1145/2619239.2626326},
 doi = {10.1145/2619239.2626326},
 acmid = {2626326},
 publisher = {ACM},
 address = {New York, NY, USA},
 keywords = {application, availability, bandwidth, cloud, datacenter, virtual network},
}

@article{boolesim,
  title={BooleSim: an interactive Boolean network simulator},
  author={Matthias Bock and Till Scharp and Chaitanya Talnikar and Edda Klipp},
  journal={Bioinformatics},
  year={2014},
  volume={30 1},
  pages={131-2}
}

@inproceedings{omega,
title	= {Omega: flexible, scalable schedulers for large compute clusters},
author	= {Malte Schwarzkopf and Andy Konwinski and Michael Abd-El-Malek and John Wilkes},
year	= {2013},
URL	= {http://eurosys2013.tudos.org/wp-content/uploads/2013/paper/Schwarzkopf.pdf},
booktitle	= {SIGOPS European Conference on Computer Systems (EuroSys)},
pages	= {351--364},
address	= {Prague, Czech Republic}
}